
@Report{Cosewic2010,
address = {Ottawa},
author = {COSEWIC},
institution = {Committee on the Status of Endangered Wildlife in Canada},
pages = {xlvii + 136 pp},
publisher = {Committee on the Status of Endangered Wildlife in Canada},
title = {{{COSEWIC} assessment and status report on the Atlantic Salmon \emph{Salmo salar} (Nunavik population, Labrador population, Northeast Newfoundland population, South Newfoundland population, Southwest Newfoundland population, Northwest Newfoundland population, Quebec Eastern North Shore population, Quebec Western North Shore population, Anticosti Island population, Inner St. Lawrence population, Lake Ontario population, Gasp\'{e}-Southern Gulf of St. Lawrence population, Eastern Cape Breton population, Nova Scotia Southern Upland population, Inner Bay of Fundy population, Outer Bay of Fundy population) in Canada.}},
year = {2010}
}

